%%
%% This BibTeX bibliography file was created using BibDesk. (MAC OS Only)
%% http://bibdesk.sourceforge.net/
%%

%%
%% Created for Lauro Cesar Araujo at 2013-08-21 10:57:09 -0300
%% Saved with string encoding Unicode (UTF-8)
%%

%
% Graphical Java application for managing BibTeX and BibLaTeX (.bib) databases (Windows/Linux/MAC)
% https://github.com/JabRef/jabref
%
% BibDesk-like software for Windows
% https://tex.stackexchange.com/questions/9454/bibdesk-like-software-for-windows
%
% LaTeX Bibliography Management
% https://en.wikibooks.org/wiki/LaTeX/Bibliography_Management#BibTeX
%
%
% $ date "+%Y-%m-%d %H:%M:%S"
% 2017-08-28 09:18:02
%
% YYYY-MM-DD format date in shell script
% https://stackoverflow.com/questions/1401482/yyyy-mm-dd-format-date-in-shell-script
%

@article{limamoodle,
    Author = {José Maria Maciel Lima},
    Journal = {Revista Científica Multidisciplinar Núcleo Do Conhecimento},
    Number = {6},
    Pages = {17-37},
    Title = {Plataforma Moodle: a educação por mediação tecnológica},
    Volume = {7},
    Year = {2021},
    Edition = {01},
    Url = {https://www.nucleodoconhecimento.com.br/educacao/plataforma-moodle},
    Urlaccessdate = {2023-07-19},
}

@inproceedings{franca2011,
    Author = {Allyson Bonetti França and José Marques Soares},
    Booktitle = {Anais do XXII SBIE - XVII WIE},
    Pages = {710-719},
    Publisher = {SBIE},
    Title = {Sistema de apoio a atividades de laboratório de programação via Moodle com suporte ao balanceamento de carga},
    Url = {https://www.researchgate.net/profile/Jose-Soares-14/publication/268337343_Sistema_de_apoio_a_atividades_de_laboratorio_de_programacao_via_Moodle_com_suporte_ao_balanceamento_de_carga/links/564309dd08aeacfd8938a73a/Sistema-de-apoio-a-atividades-de-laboratorio-de-programacao-via-Moodle-com-suporte-ao-balanceamento-de-carga.pdf},
    Urlaccessdate = {2023-07-19},
    Year = {2011}}

@misc{rodriguezdelpino,
    Author = {Juan Carlos Rodríguez-Del-Pino},
    Title = {Moodle plugins directory: Virtual Programming Lab},
    Url = {https://moodle.org/plugins/mod_vpl},
    Urlaccessdate = {2023-07-19},
    Year = {2023}}

@mastersthesis{freitas,
    Address = {Araranguá},
    Author = {Larissa Mage de Freitas},
    School = {Universidade Federal de Santa Catarina},
    Title = {Análise de Usabilidade do Módulo Laboratório Virtual de Programação do Moodle},
    Year = {2016},
    Url = {https://repositorio.ufsc.br/handle/123456789/165178},
    Urlaccessdate = {2023-07-19}}

@inproceedings{cruz2022,
    Author = {Allan Kássio Beckman Soares da Cruz and Carlos de Salles Soares Neto and Pamela Torres Maia Beckman da Cruz and Mário Antonio Meireles Teixeira},
    Booktitle = {Anais Estendidos do XXI Simpósio Brasileiro de Jogos e Entretenimento Digital (Sbgames Estendido 2022)},
    Pages = {754-764},
    Publisher = {Sociedade Brasileira de Computação},
    Title = {Utilização da Plataforma Beecrowd de Maratona de Programação como Estratégia para o Ensino de Algoritmos},
    Url = {https://doi.org/10.5753/sbgames_estendido.2022.225898},
    Urlaccessdate = {2023-07-20},
    Year = {2022}}

@inproceedings{beztonin2012,
    Address = {Athens},
    Author = {Jean Luca Bez and Neilor A. Tonin},
    Booktitle = {The Steering Committee Of The World Congress In Computer Science, Computer Engineering And Applied Computing (Worldcomp)},
    Pages = {1-5},
    Title = {URI Online Judge: A New Classroom Tool for Interactive Learning},
    Url = {https://search.proquest.com/openview/33325d7946128d0f1096abbe8b0b3664/1?pq-origsite=gscholar&cbl=1976352},
    Urlaccessdate = {2023-07-20},
    Year = {2012}}

@article{beztonin2014,
    Address = {Erechim},
    Author = {Jean Luca Bez and Neilor A. Tonin},
    Journal = {Revista Eletrônica de Extensão da Uri},
    Number = {18},
    Pages = {237-249},
    Title = {URI Online Judge e a Internacionalização da Universidade},
    Volume = {10},
    Year = {2014},
    Url = {https://docplayer.com.br/11099240-Uri-online-judge-e-a-internacionalizacao-da-universidade-uri-online-judge-and-the-university-internationalization.html},
    Urlaccessdate = {2023-07-20},
}

@inproceedings{berssanettefrancisco,
    Address = {Araranguá},
    Author = {João Henrique Berssanette and Antonio Carlos de Francisco},
    Booktitle = {II SIMPÓSIO IBERO-AMERICANO DE TECNOLOGIAS EDUCACIONAIS},
    Pages = {348-354},
    Title = {Uma Proposta de Ensino de Programação de Computadores com base na PBL utilizando o portal URI Online Judge},
    Url = {https://www.academia.edu/download/83230343/428-25-1253-1-10-20180622.pdf},
    Urlaccessdate = {2023-07-20},
    Year = {2018}}

@article{souzaetall2023,
    Author = {Fabiana Zaffalon Ferreira and Ricardo Lemos de Souza and André Prisco Vargas and Davi de Lemos Teixeira and Michel Neves dos Santos and Wanderson de Oliveira Paes and Rafael Augusto Penna dos Santos and Neilor Tonin and Paulo Jefferson Dias de Oliveira Evald and Silvia Silva da Costa Botelho},
    Journal = {Journal Of The Brazilian Computer Society},
    Number = {1},
    Pages = {104-117},
    Title = {Model for evaluation of multiple abilities programming problems in online massive environments},
    Volume = {28},
    Year = {2023},
    Url = {https://sol.sbc.org.br/journals/index.php/jbcs/article/view/2744},
    Urlaccessdate = {2023-07-20},
}

@mastersthesis{ferreira2022,
    Address = {Brasília},
    Author = {Rafael Makaha Gomes Ferreira},
    School = {Faculdade Unb Gama, Universidade de Brasília},
    Title = {BROMS: Brazilian Online Marathon Scoreboard},
    Year = {2022},
    Url = {https://bdm.unb.br/handle/10483/30740},
    Urlaccessdate = {2023-11-06}}

@mastersthesis{lima2023,
    Address = {Brasília},
    Author = {Gustavo Marques Lima},
    School = {Faculdade Unb Gama, Universidade de Brasília},
    Title = {Gamma Online Judge: projeto de criação de uma plataforma para o armazenamento das questões das maratonas UnB de programação},
    Year = {2022},
    Url = {https://bdm.unb.br/handle/10483/34516},
    Urlaccessdate = {2023-11-06}}

@inproceedings{franciscojuniorambrosio,
    Author = {Rodrigo Francisco and Cleon Pereira Júnior and Ana Paula Ambrósio},
    Booktitle = {Anais do XXVII Simpósio Brasileiro de Informática na Educação (SBIE 2016)},
    Pages = {11-20},
    Title = {Juiz Online no ensino de Programação Introdutória - Uma Revisao Sistemática da Literatura},
    Url = {https://www.researchgate.net/profile/Cleon-Pereira-Junior/publication/309778045_Juiz_Online_no_Ensino_de_Programacao_Introdutoria_-_Uma_Revisao_Sistematica_da_Literatura/links/582318d608aeb45b58893e6d/Juiz-Online-no-Ensino-de-Programacao-Introdutoria-Uma-Revisao-Sistematica-da-Literatura.pdf},
    Urlaccessdate = {2023-11-08},
    Year = {2016}}

@inproceedings{galvaofernandesgadelha,
    Author = {Leandro Galvão and David Fernandes and Bruno Gadelha},
    Booktitle = {Anais do XXVII Simpósio Brasileiro de Informática na Educação (SBIE 2016)},
    Pages = {140-149},
    Title = {Juiz online como ferramenta de apoio a uma metodologia de ensino híbrido em programação},
    Url = {https://www.researchgate.net/profile/Leandro-Carvalho-3/publication/309892315_Juiz_online_como_ferramenta_de_apoio_a_uma_metodologia_de_ensino_hibrido_em_programacao/links/5da882a792851caa1babdcc5/Juiz-online-como-ferramenta-de-apoio-a-uma-metodologia-de-ensino-hibrido-em-programacao.pdf},
    Urlaccessdate = {2023-11-08},
    Year = {2016}}

@article{wasik,
    Author = {Szymon Wasik and Maciej Antczak and Jan Badura and Artur Laskowski and Tomasz Sternal},
    Journal = {Acm Computing Surveys},
    Number = {1},
    Pages = {1-34},
    Title = {A Survey on Online Judge Systems and Their Applications},
    Volume = {51},
    Year = {2018},
    Url = {https://dl.acm.org/doi/abs/10.1145/3143560},
    Urlaccessdate = {2023-11-08},
}

@inproceedings{santosribeiro,
    Author = {Joanna C. S. Santos and Admilson R. L. Ribeiro},
    Booktitle = {Anais do Simpósio Brasileiro de Informática na Educação (SBIE 2011)},
    Pages = {964-967},
    Title = {JOnline: proposta preliminar de um juiz online didático para o ensino de programação},
    Url = {http://milanesa.ime.usp.br/rbie/index.php/sbie/article/view/1863},
    Urlaccessdate = {2023-11-08},
    Year = {2011}}

@inproceedings{ribeirofernandescarvalho,
    Author = {Ralph Breno Ribeiro and David Fernandes and Leandro Silva Galvão de Carvalho and Elaine Oliveira},
    Booktitle = {Anais do XXIX Simpósio Brasileiro de Informática na Educação (SBIE 2018)},
    Pages = {805-814},
    Title = {Gamificação de um Sistema de Juiz Online para Motivar Alunos em Disciplina de Programação Introdutória},
    Url = {http://milanesa.ime.usp.br/rbie/index.php/sbie/article/view/8040},
    Urlaccessdate = {2023-11-08},
    Year = {2018}}

@inproceedings{salescosta,
    Author = {André Barros de Sales and Edson Costa Junior and Márcia Barros de Sales},
    Booktitle = {Anais do XXVII Simpósio Brasileiro de Informática na Educação (SBIE 2016)},
    Pages = {210-219},
    Title = {Utilização de Problemas da Maratona de Competição de Programação e Juízes Eletrônicos como Estratégia de Ensino em um Curso de Graduação em Engenharia de Software},
    Url = {http://milanesa.ime.usp.br/rbie/index.php/sbie/article/view/6701},
    Urlaccessdate = {2023-11-08},
    Year = {2016}}

@inproceedings{camposferreira,
    Address = {São Paulo},
    Author = {Cassio P. de Campos and Carlos E. Ferreira},
    Booktitle = {Sociedade Brasileira de Computação},
    Title = {BOCA: um sistema de apoio a competições de programação},
    Url = {https://research.tue.nl/en/publications/boca-um-sistema-de-apoio-a-competi%C3%A7%C3%B5es-de-programa%C3%A7%C3%A3o},
    Urlaccessdate = {2023-11-08},
    Year = {2004}}

@misc{beecrowd,
    Author = {Beecrowd},
    Title = {Beecrowd},
    Url = {https://www.beecrowd.com.br/judge/pt},
    Urlaccessdate = {2023-11-09},
    Year = {2021}}

@misc{beecrowdacademic,
    Author = {Beecrowd Academic},
    Title = {Beecrowd Academic},
    Url = {https://www.beecrowd.com.br/academic/pt},
    Urlaccessdate = {2023-11-09},
    Year = {2021}}

@article{piekarski,
    Address = {Ponta Grossa},
    Author = {Ana Elisa Tozetto Piekarski and Mauro Miazaki and Alexandro Luis da Rocha Junior and Eric Patrick Militão and João Vitor Pieczarka da Silva},
    Journal = {Revista Conexão UEPG},
    Number = {1},
    Pages = {1-15},
    Title = {PROGRAMAÇÃO COMPETITIVA EM UM PROJETO DE EXTENSÃO PARA O ENSINO TÉCNICO EM INFORMÁTICA},
    Volume = {19},
    Year = {2023},
    Url = {https://revistas.uepg.br/index.php/conexao/article/view/21239},
    Urlaccessdate = {2023-11-09},
}

@inproceedings{galasso,
    Address = {Ponta Grossa},
    Author = {Rafael Hernandez Galasso and Benjamin Grando Moreira},
    Booktitle = {COMPUTER ON THE BEACH},
    Pages = {22-31},
    Title = {Integração do ambiente BOCA com o ambiente Moodle para avaliação automática de algoritmos},
    Url = {https://periodicos.univali.br/index.php/acotb/article/view/5292},
    Urlaccessdate = {2023-11-09},
    Year = {2014}}

@misc{moodle,
    Author = {Moodle},
    Title = {Moodle Developer Resource centre},
    Url = {https://moodledev.io/},
    Urlaccessdate = {2023-11-10},
    Year = {2023}}

@misc{vpl,
    Author = {VPL},
    Title = {Virtual Programming Lab for Moodle (VPL)},
    Url = {https://vpl.dis.ulpgc.es/},
    Urlaccessdate = {2023-11-13},
    Year = {2021}}

@misc{coderunner,
    Author = {CodeRunner},
    Title = {CodeRunner},
    Url = {https://coderunner.org.nz/},
    Urlaccessdate = {2023-11-13},
    Year = {2023}}

@book{masse,
    Author = {Mark Massé},
    Publisher = {Sebastopol: O’reilly Media, Inc.},
    Title = {REST API Design Rulebook},
    Year = {2011},
    Url = {https://books.google.com.br/books?hl=pt-PT&lr=&id=eABpzyTcJNIC&oi=fnd&pg=PR3&dq=REST+API+Design+Rulebook&ots=vBOvZ_jdMD&sig=tvXanZ39ViurHJ7fWrRIovBwlgI},
    Urlaccessdate = {2023-11-13}}

@book{richardson,
    Author = {Leonard Richardson and Mike Amundsen and Sam Ruby},
    Publisher = {Sebastopol: O’reilly Media, Inc.},
    Title = {RESTful Web APIs},
    Year = {2011},
    Url = {https://books.google.com.br/books?hl=pt-PT&lr=&id=wWnGAAAAQBAJ&oi=fnd&pg=PR2&dq=restful+web+apis&ots=Fi9itG-75e&sig=q64KUvXJzi4zFGQhnJnIzxjL2LM},
    Urlaccessdate = {2023-11-13}}

@article{vickers,
    Author = {Stephen P Vickers and Simon Booth},
    Journal = {Learning Tools Interoperability (LTI): A Best Practice Guide},
    Title = {Creating Environments For Learning Through Instigating A Community Of Developers: A JISC-funded Project},
    Year = {2014},
    Url = {https://ltiapps.net/guide/LTI_Best_Practice.pdf},
    Urlaccessdate = {2023-11-14}}

@misc{verdaguer,
    Author = {Júlia Verdaguer},
    Title = {O que é LTI e como ele pode melhorar seu ecossistema de aprendizagem},
    Url = {https://moodle.com/pt-br/news/o-que-e-e-como-pode-melhorar-seu-ecossistema-de-aprendizagem/},
    Urlaccessdate = {2023-11-14},
    Year = {2021}}

@inproceedings{lobbharlow,
    Address = {Ponta Grossa},
    Author = {Richard Lobb and Jenny Harlow},
    Booktitle = {ACM Inroads},
    Title = {Coderunner: a tool for assessing computer programming skills},
    Url = {https://dl.acm.org/doi/abs/10.1145/2810041?casa_token=cV5554XMVswAAAAA:8SVdEhKBneuW43kadkaSv8ELNdN41F376mTCSo7a98yPV9CJFAp-8vADXTAbD9nURnOLmzne-W_f},
    Urlaccessdate = {2023-11-16},
    Year = {2016},
    Number = {1},
    Pages = {47-51},
    Volume = {7}}

@inproceedings{rodriguezdelpinoandroyo,
    Address = {Hong Kong},
    Author = {Juan Carlos Rodríguez-Del-Pino and Enrique Rubio Royo and Zenón Hernández Figueroa},
    Booktitle = {THE 2012 INTERNATIONAL CONFERENCE ON E-LEARNING, E-BUSINESS, ENTERPRISE INFORMATION SYSTEMS, & E-GOVERNMENT},
    Title = {A virtual programming lab for Moodle with automatic assessment and anti-plagiarism features},
    Url = {http://hdl.handle.net/10553/9773},
    Urlaccessdate = {2023-11-16},
    Year = {2012}}
